<record><leader>00000cas a2200000 a 4500</leader><controlfield tag="001">14989027</controlfield><controlfield tag="008">861218d18781943vtuwr ne      0    0eng c</controlfield><datafield ind1=" " ind2=" " tag="010"><subfield code="a">sn 86082061 </subfield></datafield><datafield ind1=" " ind2=" " tag="040"><subfield code="a">NPH</subfield><subfield code="b">eng</subfield><subfield code="c">NPH</subfield><subfield code="d">MGN</subfield><subfield code="d">NVN</subfield><subfield code="d">OCLCQ</subfield><subfield code="d">OCLCF</subfield><subfield code="d">OCLCO</subfield></datafield><datafield ind1="1" ind2=" " tag="029"><subfield code="a">AU@</subfield><subfield code="b">000020037363</subfield></datafield><datafield ind1=" " ind2=" " tag="042"><subfield code="a">pcc</subfield></datafield><datafield ind1=" " ind2=" " tag="043"><subfield code="a">n-us-vt</subfield></datafield><datafield ind1="0" ind2=" " tag="130"><subfield code="a">Herald and news (West Randolph, Vt.)</subfield></datafield><datafield ind1="1" ind2="0" tag="245"><subfield code="a">Herald and news.</subfield></datafield><datafield ind1=" " ind2=" " tag="260"><subfield code="a">West Randolph, Vt. :</subfield><subfield code="b">E.D Upham &amp; Co.</subfield></datafield><datafield ind1=" " ind2=" " tag="300"><subfield code="a">v. ;</subfield><subfield code="c">66 cm.</subfield></datafield><datafield ind1=" " ind2=" " tag="310"><subfield code="a">Weekly</subfield></datafield><datafield ind1="1" ind2=" " tag="362"><subfield code="a">Began in 1878?</subfield></datafield><datafield ind1="0" ind2=" " tag="362"><subfield code="a">-v. 69, no. 55-3645 (Sept. 30, 1943).</subfield></datafield><datafield ind1=" " ind2=" " tag="500"><subfield code="a">Published in Randolph, Vt., Aug. 15, 1895-Sept. 30, 1943.</subfield></datafield><datafield ind1=" " ind2=" " tag="588"><subfield code="a">Description based on: Vol. 6, no. 52-312 (Sept. 25, 1879).</subfield></datafield><datafield ind1=" " ind2="0" tag="651"><subfield code="a">Randolph (Vt.)</subfield><subfield code="v">Newspapers.</subfield></datafield><datafield ind1=" " ind2="0" tag="651"><subfield code="a">Orange County (Vt.)</subfield><subfield code="v">Newspapers.</subfield></datafield><datafield ind1=" " ind2="0" tag="651"><subfield code="a">Vermont</subfield><subfield code="v">Newspapers.</subfield></datafield><datafield ind1=" " ind2="7" tag="655"><subfield code="a">Newspapers.</subfield><subfield code="2">fast</subfield><subfield code="0">(OCoLC)fst01423814</subfield></datafield><datafield ind1=" " ind2="7" tag="651"><subfield code="a">Vermont.</subfield><subfield code="2">fast</subfield><subfield code="0">(OCoLC)fst01204305</subfield></datafield><datafield ind1=" " ind2="7" tag="651"><subfield code="a">Vermont</subfield><subfield code="z">Orange County.</subfield><subfield code="2">fast</subfield><subfield code="0">(OCoLC)fst01211985</subfield></datafield><datafield ind1=" " ind2="7" tag="651"><subfield code="a">Vermont</subfield><subfield code="z">Randolph.</subfield><subfield code="2">fast</subfield><subfield code="0">(OCoLC)fst01222464</subfield></datafield><datafield ind1=" " ind2=" " tag="752"><subfield code="a">United States</subfield><subfield code="b">Vermont</subfield><subfield code="c">Orange</subfield><subfield code="d">Randolph.</subfield></datafield><datafield ind1="0" ind2=" " tag="775"><subfield code="t">Bethel courier (Bethel, Vt.)</subfield><subfield code="w">(DLC)sn 97067517</subfield><subfield code="w">(OCoLC)37317652</subfield></datafield><datafield ind1="0" ind2=" " tag="775"><subfield code="t">Rochester herald (Rochester, Vt.)</subfield><subfield code="w">(DLC)sn 99067900</subfield><subfield code="w">(OCoLC)41927707</subfield></datafield><datafield ind1="0" ind2=" " tag="775"><subfield code="t">Chelsea herald (Chelsea, Vt.)</subfield><subfield code="w">(DLC)sn 97067515</subfield><subfield code="w">(OCoLC)37316800</subfield></datafield><datafield ind1="0" ind2=" " tag="775"><subfield code="t">White River herald</subfield><subfield code="w">(DLC)sn 99067812</subfield><subfield code="w">(OCoLC)40984611</subfield></datafield><datafield ind1="0" ind2=" " tag="775"><subfield code="t">Green Mountain state</subfield><subfield code="w">(DLC)sn 98069125</subfield><subfield code="w">(OCoLC)40553040</subfield></datafield><datafield ind1="0" ind2="0" tag="780"><subfield code="t">Green Mountain herald (West Randolph, Vt. : 1873)</subfield><subfield code="w">(DLC)sn 84023273</subfield><subfield code="w">(OCoLC)10853792</subfield></datafield><datafield ind1="0" ind2="0" tag="785"><subfield code="t">White River Valley herald</subfield><subfield code="w">(DLC)sn 95068667</subfield><subfield code="w">(OCoLC)23892869</subfield></datafield></record>